<?xml version='1.0' encoding='utf-8'?>
<record xmlns="http://www.loc.gov/MARC21/slim" xmlns:xsi="http://www.w3.org/2001/XMLSchema-instance" xsi:schemaLocation="http://www.loc.gov/MARC21/slim http://www.loc.gov/standards/marcxml/schema/MARC21slim.xsd">
  <leader>00000npca 22005411u 4500</leader>
  <controlfield tag="005">20150720160226.0</controlfield>
  <controlfield tag="008">940131i18701947miu     |           eng |</controlfield>
  <datafield tag="035" ind1=" " ind2=" ">
    <subfield code="a">(RLIN)MIUV86-A169</subfield>
  </datafield>
  <datafield tag="035" ind1=" " ind2=" ">
    <subfield code="a">(OCoLC)ocm80780503</subfield>
  </datafield>
  <datafield tag="040" ind1=" " ind2=" ">
    <subfield code="a">MiU-H</subfield>
    <subfield code="c">MiU-H</subfield>
    <subfield code="e">appm</subfield>
  </datafield>
  <datafield tag="100" ind1="1" ind2=" ">
    <subfield code="a">Swain, George Robert,</subfield>
    <subfield code="d">1866-1947.</subfield>
  </datafield>
  <datafield tag="245" ind1="1" ind2="0">
    <subfield code="a">George Robert Swain photographs and papers,</subfield>
    <subfield code="f">ca. 1870-1947</subfield>
    <subfield code="g">(bulk 1913-1947).</subfield>
  </datafield>
  <datafield tag="300" ind1=" " ind2=" ">
    <subfield code="a">20 linear ft. (in 34 boxes) and 1 oversize folder.</subfield>
  </datafield>
  <datafield tag="545" ind1="0" ind2=" ">
    <subfield code="a">Official photographer for the University of Michigan.</subfield>
  </datafield>
  <datafield tag="545" ind1=" " ind2=" ">
    <subfield code="b">Trained as an educator and a self-taught photographer, George Swain worked as a high school principal after graduating from the University of Michigan in 1900. From 1913 until his death in 1947, he was the official photographer for the University. This work included documentation of several photographic journeys made with Professor Francis W. Kelsey of the Latin Department, sponsored by the university's Near East Research Center.</subfield>
  </datafield>
  <datafield tag="545" ind1=" " ind2=" ">
    <subfield code="b">While on expedition, Swain photographed excavation sites, rare manuscripts, and ancient ruins. His on-site university work included the production of lantern slides that were used in conjunction with class lectures. Additionally, he broadly documented university buildings and campus activities and made portraits of professors, Ann Arbor families and campus groups.</subfield>
  </datafield>
  <datafield tag="545" ind1=" " ind2=" ">
    <subfield code="b">Swain also conducted a private photographic practice, and with his wife Edith directed a summer camp for girls near Alpena and at Lake Charlevoix, Michigan. Swain's personal work focused on landscapes, cityscapes, waterscapes, campus views, family portraits and images taken on family camping trips. The collection includes a group of images capturing western portions of the United States and Canada in the early twentieth century.</subfield>
  </datafield>
  <datafield tag="520" ind1=" " ind2=" ">
    <subfield code="a">The Swain collection is comprised of three series: Miscellaneous Papers, Photographs: Prints, and Photographs: Negatives. The bulk of the collection consists of early twentieth century images of Ann Arbor and the University of Michigan, although there are several folders of photographs Swain made while traveling abroad with Professor Francis W. Kelsey as photographic technician for the University of Michigan's Near East Research Center.</subfield>
  </datafield>
  <datafield tag="520" ind1=" " ind2=" ">
    <subfield code="a">These latter images form part of the Miscellaneous Papers Series and are frequently accompanied by lengthy captions and/or typewritten text. Also included in this series is a volume of letters Swain wrote to his family while traveling abroad in 1924; essays and reports related to a 1925 expedition; a diary of camping trips on the Au Sable River, 1904-1908; a diary jointly kept by George and Edith Swain, 1900;</subfield>
  </datafield>
  <datafield tag="520" ind1=" " ind2=" ">
    <subfield code="a">a University of Michigan English composition student notebook; and a small folder of genealogical material. There are two sets of photographs -- Set One, which relates to a carefully prepared index Swain maintained and Set Two, which has no index. The Photographs: Prints series holds approximately two feet of mainly Ann Arbor and University of Michigan area realted images -- campus buildings, portraits, landscapes, cityscapes -- most of which are part of Set One.</subfield>
  </datafield>
  <datafield tag="520" ind1=" " ind2=" ">
    <subfield code="a">Many of these prints are photographs presumably printed by Swain; others, however, are black and white copy prints prepared for reference purposes. The Photographs: Negatives series forms the bulk of the collection and includes over six hundred glass plate negatives of various sizes, as well as film negatives, also of varying sizes.</subfield>
  </datafield>
  <datafield tag="555" ind1="0" ind2=" ">
    <subfield code="a">Finding aid available via World Wide Web at URL: http://quod.lib.umich.edu/cgi/f/findaid/findaid-idx?c=bhlead&amp;idno=umich-bhl-86169</subfield>
  </datafield>
  <datafield tag="533" ind1=" " ind2=" ">
    <subfield code="a">Photocopy of personal diary.</subfield>
  </datafield>
  <datafield tag="500" ind1=" " ind2=" ">
    <subfield code="a">Donor: 837, 2778, 6184, 6687</subfield>
  </datafield>
  <datafield tag="500" ind1=" " ind2=" ">
    <subfield code="a">Photographs described separately.</subfield>
  </datafield>
  <datafield tag="655" ind1=" " ind2="7">
    <subfield code="a">Diaries.</subfield>
    <subfield code="2">ftamc</subfield>
  </datafield>
  <datafield tag="651" ind1=" " ind2="0">
    <subfield code="a">Ann Arbor (Mich.)</subfield>
  </datafield>
  <datafield tag="650" ind1=" " ind2="0">
    <subfield code="a">Archaeology</subfield>
    <subfield code="z">Egypt.</subfield>
  </datafield>
  <datafield tag="650" ind1=" " ind2="0">
    <subfield code="a">Archaeology</subfield>
    <subfield code="z">Middle East.</subfield>
  </datafield>
  <datafield tag="650" ind1=" " ind2="0">
    <subfield code="a">Archaeology</subfield>
    <subfield code="z">Turkey.</subfield>
  </datafield>
  <datafield tag="651" ind1=" " ind2="0">
    <subfield code="a">Au Sable River (Mich.)</subfield>
  </datafield>
  <datafield tag="650" ind1=" " ind2="0">
    <subfield code="a">Photographers.</subfield>
    <subfield code="2">lcsh</subfield>
  </datafield>
  <datafield tag="600" ind1="3" ind2="0">
    <subfield code="a">Swain family.</subfield>
  </datafield>
  <datafield tag="611" ind1="2" ind2="0">
    <subfield code="a">University of Michigan Near East Research Expedition</subfield>
    <subfield code="d">(1924-1934)</subfield>
  </datafield>
  <datafield tag="610" ind1="2" ind2="0">
    <subfield code="a">University of Michigan</subfield>
    <subfield code="x">Archaeological expeditions.</subfield>
  </datafield>
  <datafield tag="610" ind1="2" ind2="0">
    <subfield code="a">University of Michigan</subfield>
    <subfield code="x">Student notebooks.</subfield>
  </datafield>
  <datafield tag="700" ind1="1" ind2=" ">
    <subfield code="a">Swain, Edith L.</subfield>
  </datafield>
  <datafield tag="700" ind1="1" ind2=" ">
    <subfield code="a">Kelsey, Francis W.</subfield>
    <subfield code="q">(Francis Willey),</subfield>
    <subfield code="d">1858-1927.</subfield>
  </datafield>
  <datafield tag="852" ind1=" " ind2=" ">
    <subfield code="a">Bentley Historical Library,</subfield>
    <subfield code="b">University of Michigan,</subfield>
    <subfield code="c">Ann Arbor, Michigan 48109-2113</subfield>
  </datafield>
  <datafield tag="856" ind1="4" ind2="2">
    <subfield code="3">Finding aid:</subfield>
    <subfield code="u">http://quod.lib.umich.edu/cgi/f/findaid/findaid-idx?c=bhlead&amp;idno=umich-bhl-86169</subfield>
  </datafield>
  <datafield tag="997" ind1=" " ind2=" ">
    <subfield code="a">MARS</subfield>
  </datafield>
  <datafield tag="998" ind1=" " ind2=" ">
    <subfield code="s">9554</subfield>
  </datafield>
</record>
